%0
@article{cortes1995support,
  title={Support-vector networks},
  author={Cortes, Corinna and Vapnik, Vladimir},
  journal={Machine learning},
  volume={20},
  number={3},
  pages={273--297},
  year={1995},
  publisher={Springer}
}

%1
@article{paranavithana2009global,
  title={Global voltage unbalance in MV networks due to line asymmetries},
  author={Paranavithana, Prabodha and Perera, Sarath and Koch, Robert and Emin, Z},
  journal={IEEE transactions on power delivery},
  volume={24},
  number={4},
  pages={2353--2360},
  year={2009},
  publisher={IEEE}
}

%2
@article{kong2017three,
  title={Three-phase power imbalance decomposition into systematic imbalance and random imbalance},
  author={Kong, Wangwei and Ma, Kang and Wu, Qiuwei},
  journal={IEEE Transactions on Power Systems},
  volume={33},
  number={3},
  pages={3001--3012},
  year={2017},
  publisher={IEEE}
}

%3
@article{borozan1997,
  title={Minimum loss reconfiguration of unbalanced distribution networks},
  author={Borozan, Vesna and Rajicic, Dragoslav and Ackovski, R},
  journal={IEEE Transactions on Power Delivery},
  volume={12},
  number={1},
  pages={435--442},
  year={1997},
  publisher={IEEE}
}

%4
@article{morton2000efficient,
  title={An efficient brute-force solution to the network reconfiguration problem},
  author={Morton, Anthony B and Mareels, Iven MY},
  journal={IEEE Transactions on Power Delivery},
  volume={15},
  number={3},
  pages={996--1000},
  year={2000},
  publisher={IEEE}
}

%5
@article{dall2014sparsity,
  title={Sparsity-leveraging reconfiguration of smart distribution systems},
  author={Dall'Anese, Emiliano and Giannakis, Georgios B},
  journal={IEEE transactions on power delivery},
  volume={29},
  number={3},
  pages={1417--1426},
  year={2014},
  publisher={IEEE}
}

%6
@article{ding2015feeder,
  title={Feeder reconfiguration for unbalanced distribution systems with distributed generation: A hierarchical decentralized approach},
  author={Ding, Fei and Loparo, Kenneth A},
  journal={IEEE Transactions on Power Systems},
  volume={31},
  number={2},
  pages={1633--1642},
  year={2015},
  publisher={IEEE}
}

%7
@article{fu2018toward,
  title={Toward optimal multiperiod network reconfiguration for increasing the hosting capacity of distribution networks},
  author={Fu, Yang-Yang and Chiang, Hsiao-Dong},
  journal={IEEE Transactions on Power Delivery},
  volume={33},
  number={5},
  pages={2294--2304},
  year={2018},
  publisher={IEEE}
}

%8
@article{zhu1998phase,
  title={Phase balancing using mixed-integer programming [distribution feeders]},
  author={Zhu, Jinxiang and Chow, Mo-Yuen and Zhang, Fan},
  journal={IEEE transactions on power systems},
  volume={13},
  number={4},
  pages={1487--1492},
  year={1998},
  publisher={IEEE}
}

%9
@inproceedings{chen1999optimal,
  title={Optimal phase arrangement of distribution transformers connected to a primary feeder for system unbalance improvement and loss reduction using a genetic algorithm},
  author={Chen, Tsai-Hsiang and Cherng, Jeng-Tyan},
  booktitle={Proceedings of the 21st International Conference on Power Industry Computer Applications. Connecting Utilities. PICA 99. To the Millennium and Beyond (Cat. No. 99CH36351)},
  pages={145--151},
  year={1999},
  organization={IEEE}
}

%10
@article{siti2007reconfiguration,
  title={Reconfiguration and load balancing in the LV and MV distribution networks for optimal performance},
  author={Siti, Mukwanga W and Nicolae, Dan Valentin and Jimoh, Adisa A and Ukil, Abhisek},
  journal={IEEE transactions on power delivery},
  volume={22},
  number={4},
  pages={2534--2540},
  year={2007},
  publisher={IEEE}
}

%11
@article{ding2018per,
  title={On per-phase topology control and switching in emerging distribution systems},
  author={Ding, Fei and Mousavi, Mirrasoul J},
  journal={IEEE Transactions on Power Delivery},
  volume={33},
  number={5},
  pages={2373--2383},
  year={2018},
  publisher={IEEE}
}

%12
@article{valderrama2001reactive,
  title={Reactive power and imbalance compensation using STATCOM with dissipativity-based control},
  author={Valderrama, Gerardo Escobar and Mattavelli, Paolo and Stankovic, Alex M},
  journal={IEEE Transactions on Control Systems Technology},
  volume={9},
  number={5},
  pages={718--727},
  year={2001},
  publisher={IEEE}
}

%13
@article{pires2004unbalanced,
  title={Unbalanced phase-to-phase voltage compensators applied to radial distribution feeders},
  author={Pires, Robson C},
  journal={IEEE transactions on power delivery},
  volume={19},
  number={2},
  pages={806--812},
  year={2004},
  publisher={IEEE}
}

%14
@article{salmeron2004compensation,
  title={Compensation in nonsinusoidal, unbalanced three-phase four-wire systems with active power-line conditioner},
  author={Salmer{\'o}n, Patricio and Montano, JC and V{\'a}zquez, JR and Prieto, J and P{\'e}rez, A},
  journal={IEEE transactions on power delivery},
  volume={19},
  number={4},
  pages={1968--1974},
  year={2004},
  publisher={IEEE}
}

%15
@inproceedings{xu2007voltage,
  title={Voltage and current unbalance compensation using a parallel active filter},
  author={Xu, Yan and Kueck, John D and Tolbert, Leon M and Rizy, D Tom},
  booktitle={2007 IEEE Power Electronics Specialists Conference},
  pages={2919--2925},
  year={2007},
  organization={IEEE}
}

%16
@article{singh2010grid,
  title={Grid interconnection of renewable energy sources at the distribution level with power-quality improvement features},
  author={Singh, Mukhtiar and Khadkikar, Vinod and Chandra, Ambrish and Varma, Rajiv K},
  journal={IEEE transactions on power delivery},
  volume={26},
  number={1},
  pages={307--315},
  year={2010},
  publisher={IEEE}
}

%17
@article{weckx2015load,
  title={Load balancing with EV chargers and PV inverters in unbalanced distribution grids},
  author={Weckx, Sam and Driesen, Johan},
  journal={IEEE Transactions on Sustainable Energy},
  volume={6},
  number={2},
  pages={635--643},
  year={2015},
  publisher={IEEE}
}

%18
@inproceedings{dall2012optimization,
  title={Optimization of unbalanced power distribution networks via semidefinite relaxation},
  author={Dall'Anese, Emiliano and Giannakis, Georgios B and Wollenberg, Bruce F},
  booktitle={2012 North American Power Symposium (NAPS)},
  pages={1--6},
  year={2012},
  organization={IEEE}
}


%19
@article{robbins2015optimal,
  title={Optimal reactive power dispatch for voltage regulation in unbalanced distribution systems},
  author={Robbins, Brett A and Dom{\'\i}nguez-Garc{\'\i}a, Alejandro D},
  journal={IEEE Transactions on Power Systems},
  volume={31},
  number={4},
  pages={2903--2913},
  year={2015},
  publisher={IEEE}
}


%20
@article{araujo2013three,
  title={A three-phase optimal power-flow algorithm to mitigate voltage unbalance},
  author={Araujo, Leandro Ramos and Penido, DRR and Carneiro, Sandoval and Pereira, Jos{\'e} Luiz R},
  journal={IEEE Transactions on Power Delivery},
  volume={28},
  number={4},
  pages={2394--2402},
  year={2013},
  publisher={IEEE}
}


%21
@article{su2014optimal,
  title={Optimal PV inverter reactive power control and real power curtailment to improve performance of unbalanced four-wire LV distribution networks},
  author={Su, Xiangjing and Masoum, Mohammad AS and Wolfs, Peter J},
  journal={IEEE Transactions on Sustainable Energy},
  volume={5},
  number={3},
  pages={967--977},
  year={2014},
  publisher={IEEE}
}



%22
@article{nguyen2018exact,
  title={Exact optimal power dispatch in unbalanced distribution systems with high PV penetration},
  author={Nguyen, Quan and Padullaparti, Harsha V and Lao, Keng-Weng and Santoso, Surya and Ke, Xinda and Samaan, Nader},
  journal={IEEE Transactions on Power Systems},
  volume={34},
  number={1},
  pages={718--728},
  year={2018},
  publisher={IEEE}
}



%23
@article{sheshyekani2019participation,
  title={Participation of distributed resources and responsive loads to voltage unbalance compensation in islanded microgrids},
  author={Sheshyekani, Keyhan and Jendoubi, Imen and Teymuri, Mohammad and Hamzeh, Mohsen and Karimi, Houshag and Bayat, Mohammad},
  journal={IET Generation, Transmission \& Distribution},
  volume={13},
  number={6},
  pages={858--867},
  year={2019},
  publisher={IET}
}



%24
@article{baran1989network,
  title={Network reconfiguration in distribution systems for loss reduction and load balancing},
  author={Baran, Mesut E and Wu, Felix F},
  journal={IEEE Power Engineering Review},
  volume={9},
  number={4},
  pages={101--102},
  year={1989},
  publisher={IEEE}
}


%25
@article{yuan2016novel,
  title={Novel linearized power flow and linearized OPF models for active distribution networks with application in distribution LMP},
  author={Yuan, Haoyu and Li, Fangxing and Wei, Yanli and Zhu, Jinxiang},
  journal={IEEE Transactions on Smart Grid},
  volume={9},
  number={1},
  pages={438--448},
  year={2016},
  publisher={IEEE}
}


%26
@article{akbari2016linear,
  title={Linear approximated formulation of AC optimal power flow using binary discretisation},
  author={Akbari, Tohid and Bina, Mohammad Tavakoli},
  journal={IET Generation, Transmission \& Distribution},
  volume={10},
  number={5},
  pages={1117--1123},
  year={2016},
  publisher={IET}
}


%%% 27 & 28 & 29 Not Found%%%

%30
@article{fortescue1918method,
  title={Method of symmetrical co-ordinates applied to the solution of polyphase networks},
  author={Fortescue, Charles L},
  journal={Transactions of the American Institute of Electrical Engineers},
  volume={37},
  number={2},
  pages={1027--1140},
  year={1918},
  publisher={IEEE}
}


%31
@article{version20189,
  title={9.4. 0.813654 (R2018a)},
  author={Version, MATLAB},
  journal={MathWorks Inc. Natick, Massachusetts, USA},
  year={2018}
}


%32
@misc{grant2014cvx,
  title={CVX: Matlab software for disciplined convex programming, version 2.1},
  author={Grant, Michael and Boyd, Stephen},
  year={2014}
}


%%%33 Not Found%%%


%34
@article{zimmerman2010matpower,
  title={MATPOWER: Steady-state operations, planning, and analysis tools for power systems research and education},
  author={Zimmerman, Ray Daniel and Murillo-S{\'a}nchez, Carlos Edmundo and Thomas, Robert John},
  journal={IEEE Transactions on power systems},
  volume={26},
  number={1},
  pages={12--19},
  year={2010},
  publisher={IEEE}
}

%35
@inproceedings{schneider2014ieee,
  title={IEEE 342-node low voltage networked test system},
  author={Schneider, Kevin and Phanivong, Phillipe and Lacroix, Jean-Sebastian},
  booktitle={2014 IEEE PES general meeting| conference \& exposition},
  pages={1--5},
  year={2014},
  organization={IEEE}
}


%36
@article{shahnia2014voltage,
  title={Voltage unbalance reduction in low voltage feeders by dynamic switching of residential customers among three phases},
  author={Shahnia, Farhad and Wolfs, Peter J and Ghosh, Arindam},
  journal={IEEE Transactions on Smart Grid},
  volume={5},
  number={3},
  pages={1318--1327},
  year={2014},
  publisher={IEEE}
}


%%%%IEEE 1159, 2009%%%
@misc{smith2009ieee,
  title={IEEE Recommended Practice for Monitoring Electric Power Quality. Revis},
  author={Smith, JC and Hensley, G and Ray, L},
  year={2009},
  publisher={IEEE}
}

%\end{filecontents}
