@manual{MATLAB:R2018a,
  address = {Natick, Massachusetts},
  organization = {The Mathworks, Inc.},
  title = {{MATLAB version 9.4.0.813654 (R2018a)}},
  year = {2018},
}
